@MISC{Holan1997,
    author = {Tomas Holan and Vladislav Kubon and Martin Platek and Tomtit Holan},
    title = {A Prototype of a Grammar Checker for Czech},
    year = {1997}
}

@inproceedings{SagvallHein1998, 
author = {S{\aa}gvall Hein, Anna},
pages = {68--80}, 
publisher = {Center for Sprogteknologi, Denmark}, 
title = {A Chart-Based Framework for Grammar Checking Initial Studies}, 
booktitle = {11th Nordic Conference in Computational Linguistics},
year = {1998},
}


@article{Kukich1992,
 author = {Kukich, Karen},
 title = {Techniques for Automatically Correcting Words in Text},
 journal = {ACM Comput. Surv.},
 issue_date = {Dec. 1992},
 volume = {24},
 number = {4},
 month = dec,
 year = {1992},
 issn = {0360-0300},
 pages = {377--439},
 publisher = {ACM},
 address = {New York, NY, USA},
}

@article{AtwellandElliot1987,
 author = {E Atwell and S Elliott},
 title = {Dealing with ill-formed English text},
 year = {1987},
 editor = {R. Garside, G. Leech and G. Sampson},
 booktitle = {, The Computational Analysis of English: A Corpus-based Approach},
 address = {London},
 publisher = {Longman}, 
} 


@thesis{Liin2008,
author = "Krista Liin",
title = "Reeglipõhine komavigade tuvastaja eestikeelsetele tekstidele",
year = "2008", 
address = "Tartu",
url = "http://www.cs.ut.ee/~kaili/juhendamised/kliinmag.pdf",
}

@inproceedings{Arppe2000,
	author = {Antti Arppe},
	title = {Developing a Grammar Checker for Swedish},
	booktitle = {The 12th Nordic Conference of Computational Linguistics, 1999},
   editor = {Nordgård, Torbjørn},
	year = 2000,
   address = {Department of Linguistics, Norwegian University of Science and Technology (NTNU), Trondheim, Norway},
	pages = {13--27},
}


@inproceedings{Birn2000,
	author = {Juhani Birn},
	title = {Detecting Grammar Errors with Lingsoft's Swedish Grammar Checker},
   editor = {Nordgård, Torbjørn},
	booktitle = {The 12th Nordic Conference of Computational Linguistics, 1999},
	year = 2000,
   address = {Department of Linguistics, Norwegian University of Science and Technology (NTNU), Trondheim, Norway},
	pages = {28--40},
}

@book{callinravagirji03,
	author = {Kaaren Juuso Baal and Vesa Guttorm and Anne Dagmar Biti Mikalsen and Else Turi and Karen Anne Oskal Eira and Kaisa Rautio Helander and Johanna Ijäs and Inger-Marie Oskal},
	title = {Čállinrávagirji},
	address = {Guovdageaidnu},
	publisher = {Sámedikki giellaossodat / Sámedikki oahpahusossodat}, 
	year = 2003,
	url = {https://www.yumpu.com/fi/document/view/8266285/callinravagirji-samit},
}

@InProceedings{Diaz2008,
author = {D´iaz de Ilarraza A. and Gojenola K. and Oronoz M.},
title = {Detecting Erroneous Uses of Complex Postpositions in an Agglutinative Language},
booktitle = {Proceedings of Coling, ISBN: 978-1-905593-44-6},
year =  {2008},
}

@thesis{Petrovic2009,
author = "Sonja Petrović",
booktitle = "Collecting and Processing Error Samples for a Constraint Grammar-based language helper for Esperanto",
address = "STOCKHOLMS UNIVERSITET",
year = "2009",
url = "http://lingvohelpilo.ikso.net/publikajhoj/Erarkolektado_kaj_analizado_en.pdf",
}

@inproceedings{Badia2004,
author = {Badia T., Gil A., Quixal M., and Valentín O.},
title = {NLP-enhanced error checking for Catalan unrestricted text},
booktitle =  {Proceedings of the fourth international conference on Language Resources and Evaluation}, 
pages = {1919–-1922},
year = {2004},
}


@article{Carlberger2004,
author = {J. Carlberger, R. Domeij, and V. Kann, O. Knutsson},
booktitle = {Natural Language Engineering 1 (1): 000–000. Printed in the United Kingdom},
publisher = {Cambridge University Press},
title = {The Development and Performance of a Grammar Checker for Swedish: A Language Engineering Perspective},
address = {KTH Nada, SE-100 44 Stockholm, Sweden},
year = {2004},
}

@inproceedings{Atwell1987,
author = {E. S. Atwell},
title = {How to detect grammatical errors in a text without parsing it},
booktitle = {3rd EACL}, 
address = {Copenhagen, Denmark}, 
pages = {38-–45}, 
year = {1987},
}
 
@inproceedings{Izumi2003,
author = {E. Izumi, K. Uchimoto, T. Saiga, T. Supnithi, and H. Isahara},
title = {Automatic error detection in the japanese learners english spoken data},
booktitle = {Companion Volume to Proc. ACL’03},
address = {Sapporo, Japan}, 
pages = {145-–148}, 
year = {2003},
}

@inproceedings{Tschichold,
   author = {Cornelia Tschichold, Franck Bodmer, Etienne Cornu, Franqois Grosjean, Lysiane Grosjean, Natalie Ktibler, Nicolas Lrwy & Corinne Tschumi},
   title = {Developing a new grammar checker for English as a second language}, 
   booktitle = {Proceedings of the From Research to Search to Commercial Applications Workshops},
   pages = {7--12},
    }

@inproceedings{Mudge,
   author = {Raphael Mudge},
   title = {The Design of a Proofreading Software Service},
   publisher = {},
   year = {},
}

@PhdThesis{Oronoz2008,
author = {Maite Oronoz},
title = {Euskarazko errore sintaktikoak detektatzeko eta zuzentzeko baliabideen garapena: datak, postposizio-lokuzioak eta komunztadura},
booktitle = {Lengoaia eta Sistema Informatikoak Saila. Donostia. Euskarazko Tesien II. Koldo Mitxelena saria Ikasketa Teknikoen jakintza-arloan},
year =  {2008},
annote = { http://ixa.si.ehu.es/Ixa/Argitalpenak/Tesiak/1223539377/publikoak/Maiteren_tesia_eta_aurkezpena.rar},
}


@InProceedings{Diaz2009,
author = {D´iaz de Ilarraza A. and Gojenola K. and Oronoz M.},
title = {Evaluating the Impact of Morphosyntactic Ambiguity in Grammatical Error Detection},
booktitle = {Recent Advances in Natural Language Processing ISSN 1313-8502. Páginas: 155-160},
year =  {2009},
annote={ http://ixa.si.ehu.es/Ixa/Argitalpenak/Artikuluak/1248444100/publikoak/RANLP09},
}

@InProceedings{Oco2011,
 author = {Nathaniel Oco and Allan Borra},
year =  {2011},
title = {A Grammar Checker for Tagalog using LanguageTool},
booktitle =  {In Proceedings of the 9th Workshop on Asian Language Resources collocated with IJCNLP 2011. Asian Federation of Natural Language Processing},
pages = {2--9},
}

@InProceedings{Mozgovoy2011,
 author = {Maxim Mozgovoy}, 
title = {Dependency-Based Rules for Grammar Checking with LanguageTool}, 
booktitle = {ASIR 2011 - 1st International Workshop on Advances in Semantic Information},
year =  {2011},
}

@InProceedings{Naber2003,
 author = {Daniel Naber},
title = { A Rule-Based Style and Grammar Checker Diploma Thesis, University of Bielefeld}, 
 year =  {2003},
}

@InProceedings{Milkowski2010,  
 author = {Marcin Miłkowski},
 title = {Developing an open-source, rule-based proofreading tool},
booktitle = {Software – Practice and Experience 2010.  40 (7). DOI: 10.1002/spe.971}, 
 pages = {543--566},
 year =  {2010},
}

@book{Hagedahl2000,  
 author = {Karl-Henrik Hagdahl},
 title = {The Development and Performance of a Grammar Checker for Swedish: A Language Engineering Perspective},
 year =  {2000},
}

@book{Hagedahl,  
 author = {Karl-Henrik Hagdahl},
 title = {Checking the Checker Grammatifix Analysis of the Swedish Grammar Checker from a user’s point of view},
 year =  {},
}


@inproceedings{Johannessen2002,
   author = {anne Bondi Johannessen and Kristin Hagen and Pia Lane},
   title = {The performance of a grammar checker with deviant language input},
   editor = {Shu-Chuan Tseng},
   address = {Taipei, Taiwan},
   booktitle = {Proceedings of the 19th International Conference on Computational Linguistics},
   year = {2002},
   pages = {1223--1227},
}

@article{Bick2006,
author = {Eckhard Bick},
title = {A Constraint Grammar Based Spellchecker for Danish with a Special Focus on Dyslexics},
booktitle = {A Man of Measure: Festschrift in Honour of Fred Karlsson on his 60th Birthday. Special Supplement to SKY Jounal of Linguistics, Vol. 19 (ISSN 1796-279X)},
editor = {Suominen, Mickael et al.},
pages = {387--396},
address = {Turku},
publisher = {The Linguistic Association of Finland},
year = {2006},
}
